<collection xmlns="http://www.loc.gov/MARC21/slim">
<record>
  <leader>01429nam0a2200277 i 450 </leader>
  <controlfield tag="001">IT\ICCU\CNCE\035737</controlfield>
  <controlfield tag="005">20050622000000.0</controlfield>
  <datafield tag="012" ind1=" " ind2=" ">
    <subfield code="a">      </subfield>
    <subfield code="2">fei</subfield>
    <subfield code="9">INR</subfield>
  </datafield>
  <datafield tag="100" ind1=" " ind2=" ">
    <subfield code="a">19980114d1599        0itac0103    ba</subfield>
  </datafield>
  <datafield tag="101" ind1=" " ind2=" ">
    <subfield code="a">ITA</subfield>
  </datafield>
  <datafield tag="102" ind1=" " ind2=" ">
    <subfield code="a">IT</subfield>
  </datafield>
  <datafield tag="200" ind1="1" ind2=" ">
    <subfield code="a">Effiggie naturali de i maggior prencipi et piu valorosi capitani di questa eta con l&apos;arme loro raccolte et con diligentia poste in luce per Andrea Vaccario</subfield>
  </datafield>
  <datafield tag="210" ind1=" " ind2=" ">
    <subfield code="a">Romae</subfield>
    <subfield code="c">apud Andreas Vaccarius \!! in Monte Iordani for.</subfield>
    <subfield code="d">1599</subfield>
  </datafield>
  <datafield tag="300" ind1=" " ind2=" ">
    <subfield code="a">Alcune delle incisioni sono del XVII sec. - Il numero delle tavole varia da 33 a 48 negli esemplari conosciuti</subfield>
  </datafield>
  <datafield tag="620" ind1=" " ind2=" ">
    <subfield code="a">IT</subfield>
    <subfield code="d">Roma</subfield>
  </datafield>
  <datafield tag="700" ind1=" " ind2="1">
    <subfield code="a">Della_Vaccheria,</subfield>
    <subfield code="b">Andrea</subfield>
    <subfield code="3">IT\ICCU\CNCA\010037</subfield>
  </datafield>
  <datafield tag="712" ind1="0" ind2="0">
    <subfield code="a">Della_Vaccheria, Andrea</subfield>
    <subfield code="3">IT\ICCU\CNCT\002781</subfield>
    <subfield code="4">650</subfield>
  </datafield>
  <datafield tag="790" ind1=" " ind2="1">
    <subfield code="a">Vaccari,</subfield>
    <subfield code="b">Andrea</subfield>
    <subfield code="3">IT\ICCU\CNCA\015985</subfield>
    <subfield code="z">Della_Vaccheria, Andrea</subfield>
  </datafield>
  <datafield tag="790" ind1=" " ind2="1">
    <subfield code="a">Vaccaria,</subfield>
    <subfield code="b">Andrea : della</subfield>
    <subfield code="3">IT\ICCU\CNCA\020000</subfield>
    <subfield code="z">Della_Vaccheria, Andrea</subfield>
  </datafield>
  <datafield tag="790" ind1=" " ind2="1">
    <subfield code="a">Vaccaro,</subfield>
    <subfield code="b">Andrea</subfield>
    <subfield code="3">IT\ICCU\CNCA\022187</subfield>
    <subfield code="z">Della_Vaccheria, Andrea</subfield>
  </datafield>
  <datafield tag="791" ind1="0" ind2="0">
    <subfield code="a">Vaccarius, Andreas</subfield>
    <subfield code="3">IT\ICCU\CNCT\003754</subfield>
    <subfield code="z">Della_Vaccheria, Andrea</subfield>
  </datafield>
  <datafield tag="791" ind1="0" ind2="0">
    <subfield code="a">Vaccheria, Andrea della</subfield>
    <subfield code="3">IT\ICCU\CNCT\003755</subfield>
    <subfield code="z">Della_Vaccheria, Andrea</subfield>
  </datafield>
  <datafield tag="791" ind1="0" ind2="0">
    <subfield code="a">Vaccaria, Andrea della</subfield>
    <subfield code="3">IT\ICCU\CNCT\004589</subfield>
    <subfield code="z">Della_Vaccheria, Andrea</subfield>
  </datafield>
  <datafield tag="801" ind1=" " ind2="3">
    <subfield code="a">IT</subfield>
    <subfield code="b">ICCU</subfield>
    <subfield code="c">20201114</subfield>
  </datafield>
  <datafield tag="899" ind1=" " ind2=" ">
    <subfield code="a">Biblioteca Apostolica Vaticana. Citt ̉del Vaticano</subfield>
    <subfield code="1">EX0001</subfield>
    <subfield code="2">ZCV 01</subfield>
  </datafield>
  <datafield tag="899" ind1=" " ind2=" ">
    <subfield code="a">Biblioteca del Museo Stibbert. Firenze</subfield>
    <subfield code="1">FI0325</subfield>
    <subfield code="2">ZFI 49</subfield>
  </datafield>
</record>
</collection>
